@inproceedings{bicchi2000robotic,
  title={Robotic grasping and contact: A review},
  author={Bicchi, Antonio and Kumar, Vijay},
  booktitle={Proceedings 2000 ICRA. Millennium conference. IEEE international conference on robotics and automation. Symposia proceedings (Cat. No. 00CH37065)},
  volume={1},
  pages={348--353},
  year={2000},
  organization={IEEE}
}

@inproceedings{miller2003automatic,
  title={Automatic grasp planning using shape primitives},
  author={Miller, Andrew T and Knoop, Steffen and Christensen, Henrik I and Allen, Peter K},
  booktitle={2003 IEEE International Conference on Robotics and Automation (Cat. No. 03CH37422)},
  volume={2},
  pages={1824--1829},
  year={2003},
  organization={IEEE}
}

@article{hoang2020panoptic,
  title={Panoptic 3D mapping and object pose estimation using adaptively weighted semantic information},
  author={Hoang, Dinh-Cuong and Lilienthal, Achim J and Stoyanov, Todor},
  journal={IEEE Robotics and Automation Letters},
  volume={5},
  number={2},
  pages={1962--1969},
  year={2020},
  publisher={IEEE}
}

@article{hoang2020object,
  title={Object-RPE: Dense 3D reconstruction and pose estimation with convolutional neural networks},
  author={Hoang, Dinh-Cuong and Lilienthal, Achim J and Stoyanov, Todor},
  journal={Robotics and Autonomous Systems},
  volume={133},
  pages={103632},
  year={2020},
  publisher={Elsevier}
}

@article{hoang2023grasp,
  title={Grasp Configuration Synthesis from 3D Point Clouds with Attention Mechanism},
  author={Hoang, Dinh-Cuong and Nguyen, Anh-Nhat and Vu, Van-Duc and Vu, Duy-Quang and Nguyen, Van-Thiep and Nguyen, Thu-Uyen and Tran, Cong-Trinh and Phan, Khanh-Toan and Ho, Ngoc-Trung},
  journal={Journal of Intelligent and Robotic Systems},
  volume={109},
  number={3},
  pages={71},
  year={2023},
  publisher={Springer}
}

@inproceedings{hoang2022context,
  title={Context-aware grasp generation in cluttered scenes},
  author={Hoang, Dinh-Cuong and Stork, Johannes A and Stoyanov, Todor},
  booktitle={2022 International Conference on Robotics and Automation (ICRA)},
  pages={1492--1498},
  year={2022},
  organization={IEEE}
}

@article{vu2024occlusion,
  title={Occlusion-Robust Pallet Pose Estimation for Warehouse Automation},
  author={Vu, Van-Duc and Hoang, Dinh-Dai and Tan, Phan Xuan and Nguyen, Van-Thiep and Nguyen, Thu-Uyen and Hoang, Ngoc-Anh and Phan, Khanh-Toan and Tran, Duc-Thanh and Vu, Duy-Quang and Ngo, Phuc-Quan and others},
  journal={IEEE Access},
  year={2024},
  publisher={IEEE}
}

@article{hoang2016sub,
  title={Sub-OBB based object recognition and localization algorithm using range images},
  author={Hoang, Dinh-Cuong and Chen, Liang-Chia and Nguyen, Thanh-Hung},
  journal={Measurement Science and Technology},
  volume={28},
  number={2},
  pages={025401},
  year={2016},
  publisher={IOP Publishing}
}

@inproceedings{palleschi2020fully,
  title={Fully autonomous picking with a dual-arm platform for intralogistics},
  author={Palleschi, Alessandro and Gugliotta, Marco and Gabellieri, Chiara and Hoang, Dinh-Cuong and Stoyanov, Todor and Garabini, Manolo and Pallottino, Lucia},
  booktitle={Proc. I-RIM Conf. I-RIM},
  pages={109--111},
  year={2020}
}

@article{chen2016innovative,
  title={Innovative methodology for multi-view point cloud registration in robotic 3D object scanning and reconstruction},
  author={Chen, Liang-Chia and Hoang, Dinh-Cuong and Lin, Hsien-I and Nguyen, Thanh-Hung},
  journal={Applied Sciences},
  volume={6},
  number={5},
  pages={132},
  year={2016},
  publisher={MDPI}
}

@inproceedings{hoang2019object,
  title={Object-rpe: Dense 3d reconstruction and pose estimation with convolutional neural networks for warehouse robots},
  author={Hoang, Dinh-Cuong and Stoyanov, Todor and Lilienthal, Achim J},
  booktitle={2019 European Conference on Mobile Robots (ECMR)},
  pages={1--6},
  year={2019},
  organization={IEEE}
}

@article{hoang2022voting,
  title={Voting and attention-based pose relation learning for object pose estimation from 3d point clouds},
  author={Hoang, Dinh-Cuong and Stork, Johannes A and Stoyanov, Todor},
  journal={IEEE Robotics and Automation Letters},
  volume={7},
  number={4},
  pages={8980--8987},
  year={2022},
  publisher={IEEE}
}

@article{du2021vision,
  title={Vision-based robotic grasping from object localization, object pose estimation to grasp estimation for parallel grippers: a review},
  author={Du, Guoguang and Wang, Kai and Lian, Shiguo and Zhao, Kaiyong},
  journal={Artificial Intelligence Review},
  volume={54},
  number={3},
  pages={1677--1734},
  year={2021},
  publisher={Springer}
}


@article{ten2017grasp,
  title={Grasp pose detection in point clouds},
  author={ten Pas, Andreas and Gualtieri, Marcus and Saenko, Kate and Platt, Robert},
  journal={The International Journal of Robotics Research},
  volume={36},
  number={13-14},
  pages={1455--1473},
  year={2017},
  publisher={SAGE Publications Sage UK: London, England}
}

@inproceedings{liang2019pointnetgpd,
  title={Pointnetgpd: Detecting grasp configurations from point sets},
  author={Liang, Hongzhuo and Ma, Xiaojian and Li, Shuang and Gorner, Michael and Tang, Song and Fang, Bin and Sun, Fuchun and Zhang, Jianwei},
  booktitle={2019 International Conference on Robotics and Automation (ICRA)},
  pages={3629--3635},
  year={2019},
  organization={IEEE}
}

@inproceedings{lou2020learning,
  title={Learning to generate 6-dof grasp poses with reachability awareness},
  author={Lou, Xibai and Yang, Yang and Choi, Changhyun},
  booktitle={2020 IEEE International Conference on Robotics and Automation (ICRA)},
  pages={1532--1538},
  year={2020},
  organization={IEEE}
}

@article{marullo20236d,
  title={6D object position estimation from 2D images: a literature review},
  author={Marullo, Giorgia and Tanzi, Leonardo and Piazzolla, Pietro and Vezzetti, Enrico},
  journal={Multimedia Tools and Applications},
  volume={82},
  number={16},
  pages={24605--24643},
  year={2023},
  publisher={Springer}
}

@inproceedings{morrison2018closing,
  title={{Closing the Loop for Robotic Grasping: A Real-time, Generative Grasp Synthesis Approach}},
  author={Morrison, Douglas and Corke, Peter and Leitner, Jurgen},
  booktitle={Robotics: Science and Systems (RSS)},
  year={2018}
}

@article{chu2018real,
  title={Real-world multiobject, multigrasp detection},
  author={Chu, Fu-Jen and Xu, Ruinian and Vela, Patricio A},
  journal={IEEE Robotics and Automation Letters},
  volume={3},
  number={4},
  pages={3355--3362},
  year={2018},
  publisher={IEEE}
}

@article{kokic2020learning,
  title={Learning task-oriented grasping from human activity datasets},
  author={Kokic, Mia and Kragic, Danica and Bohg, Jeannette},
  journal={IEEE Robotics and Automation Letters},
  volume={5},
  number={2},
  pages={3352--3359},
  year={2020},
  publisher={IEEE}
}

@article{zou2023object,
  title={Object detection in 20 years: A survey},
  author={Zou, Zhengxia and Chen, Keyan and Shi, Zhenwei and Guo, Yuhong and Ye, Jieping},
  journal={Proceedings of the IEEE},
  year={2023},
  publisher={IEEE}
}


@inproceedings{schmidt2018grasping,
  title={Grasping of unknown objects using deep convolutional neural networks based on depth images},
  author={Schmidt, Philipp and Vahrenkamp, Nikolaus and Wachter, Mirko and Asfour, Tamim},
  booktitle={2018 IEEE international conference on robotics and automation (ICRA)},
  pages={6831--6838},
  year={2018},
  organization={IEEE}
}

@inproceedings{fang2020graspnet,
  title={GraspNet-1Billion: A Large-Scale Benchmark for General Object Grasping},
  author={Fang, Hao-Shu and Wang, Chenxi and Gou, Minghao and Lu, Cewu},
  booktitle={Proceedings of the IEEE/CVF Conference on Computer Vision and Pattern Recognition},
  pages={11444--11453},
  year={2020}
}

@inproceedings{yang2021robotic,
  title={Robotic grasping through combined image-based grasp proposal and 3d reconstruction},
  author={Yang, Daniel and Tosun, Tarik and Eisner, Benjamin and Isler, Volkan and Lee, Daniel},
  booktitle={2021 IEEE International Conference on Robotics and Automation (ICRA)},
  pages={6350--6356},
  year={2021},
  organization={IEEE}
}

@inproceedings{ni2020pointnet++,
  author={P. {Ni} and W. {Zhang} and X. {Zhu} and Q. {Cao}},
  booktitle={2020 IEEE International Conference on Robotics and Automation (ICRA)}, 
  title={PointNet++ Grasping: Learning An End-to-end Spatial Grasp Generation Algorithm from Sparse Point Clouds}, 
  year={2020},
  pages={3619-3625},
  doi={10.1109/ICRA40945.2020.9196740}
}

@article{saxena2005learning,
  title={Learning depth from single monocular images},
  author={Saxena, Ashutosh and Chung, Sung and Ng, Andrew},
  journal={Advances in neural information processing systems},
  volume={18},
  year={2005}
}

@article{saxena2008make3d,
  title={Make3d: Learning 3d scene structure from a single still image},
  author={Saxena, Ashutosh and Sun, Min and Ng, Andrew Y},
  journal={IEEE transactions on pattern analysis and machine intelligence},
  volume={31},
  number={5},
  pages={824--840},
  year={2008},
  publisher={IEEE}
}

@article{eigen2014depth,
  title={Depth map prediction from a single image using a multi-scale deep network},
  author={Eigen, David and Puhrsch, Christian and Fergus, Rob},
  journal={Advances in neural information processing systems},
  volume={27},
  year={2014}
}

@inproceedings{eigen2015predicting,
  title={Predicting depth, surface normals and semantic labels with a common multi-scale convolutional architecture},
  author={Eigen, David and Fergus, Rob},
  booktitle={Proceedings of the IEEE international conference on computer vision},
  pages={2650--2658},
  year={2015}
}

@inproceedings{laina2016deeper,
  title={Deeper depth prediction with fully convolutional residual networks},
  author={Laina, Iro and Rupprecht, Christian and Belagiannis, Vasileios and Tombari, Federico and Navab, Nassir},
  booktitle={2016 Fourth international conference on 3D vision (3DV)},
  pages={239--248},
  year={2016},
  organization={IEEE}
}

@inproceedings{xu2017multi,
  title={Multi-scale continuous crfs as sequential deep networks for monocular depth estimation},
  author={Xu, Dan and Ricci, Elisa and Ouyang, Wanli and Wang, Xiaogang and Sebe, Nicu},
  booktitle={Proceedings of the IEEE conference on computer vision and pattern recognition},
  pages={5354--5362},
  year={2017}
}

@inproceedings{ramamonjisoa2019sharpnet,
  title={Sharpnet: Fast and accurate recovery of occluding contours in monocular depth estimation},
  author={Ramamonjisoa, Michael and Lepetit, Vincent},
  booktitle={Proceedings of the IEEE/CVF International Conference on Computer Vision Workshops},
  pages={0--0},
  year={2019}
}

@inproceedings{zhang2019pattern,
  title={Pattern-affinitive propagation across depth, surface normal and semantic segmentation},
  author={Zhang, Zhenyu and Cui, Zhen and Xu, Chunyan and Yan, Yan and Sebe, Nicu and Yang, Jian},
  booktitle={Proceedings of the IEEE/CVF conference on computer vision and pattern recognition},
  pages={4106--4115},
  year={2019}
}

@article{lee2019big,
  title={From big to small: Multi-scale local planar guidance for monocular depth estimation},
  author={Lee, Jin Han and Han, Myung-Kyu and Ko, Dong Wook and Suh, Il Hong},
  journal={arXiv preprint arXiv:1907.10326},
  year={2019}
}

@inproceedings{kendall2018multi,
  title={Multi-task learning using uncertainty to weigh losses for scene geometry and semantics},
  author={Kendall, Alex and Gal, Yarin and Cipolla, Roberto},
  booktitle={Proceedings of the IEEE conference on computer vision and pattern recognition},
  pages={7482--7491},
  year={2018}
}

@inproceedings{yin2019enforcing,
  title={Enforcing geometric constraints of virtual normal for depth prediction},
  author={Yin, Wei and Liu, Yifan and Shen, Chunhua and Yan, Youliang},
  booktitle={Proceedings of the IEEE/CVF International Conference on Computer Vision},
  pages={5684--5693},
  year={2019}
}

@inproceedings{jiao2018look,
  title={Look deeper into depth: Monocular depth estimation with semantic booster and attention-driven loss},
  author={Jiao, Jianbo and Cao, Ying and Song, Yibing and Lau, Rynson},
  booktitle={Proceedings of the European conference on computer vision (ECCV)},
  pages={53--69},
  year={2018}
}

@inproceedings{chen2020improving,
  title={Improving monocular depth estimation by leveraging structural awareness and complementary datasets},
  author={Chen, Tian and An, Shijie and Zhang, Yuan and Ma, Chongyang and Wang, Huayan and Guo, Xiaoyan and Zheng, Wen},
  booktitle={Computer Vision--ECCV 2020: 16th European Conference, Glasgow, UK, August 23--28, 2020, Proceedings, Part XIV 16},
  pages={90--108},
  year={2020},
  organization={Springer}
}

@inproceedings{ranftl2021vision,
  title={Vision transformers for dense prediction},
  author={Ranftl, Rene and Bochkovskiy, Alexey and Koltun, Vladlen},
  booktitle={Proceedings of the IEEE/CVF international conference on computer vision},
  pages={12179--12188},
  year={2021}
}

@inproceedings{yang2021transformer,
  title={Transformer-based attention networks for continuous pixel-wise prediction},
  author={Yang, Guanglei and Tang, Hao and Ding, Mingli and Sebe, Nicu and Ricci, Elisa},
  booktitle={Proceedings of the IEEE/CVF International Conference on Computer vision},
  pages={16269--16279},
  year={2021}
}

@inproceedings{piccinelli2023idisc,
  title={iDisc: Internal Discretization for Monocular Depth Estimation},
  author={Piccinelli, Luigi and Sakaridis, Christos and Yu, Fisher},
  booktitle={Proceedings of the IEEE/CVF Conference on Computer Vision and Pattern Recognition},
  pages={21477--21487},
  year={2023}
}

@inproceedings{woo2018cbam,
  title={Cbam: Convolutional block attention module},
  author={Woo, Sanghyun and Park, Jongchan and Lee, Joon-Young and Kweon, In So},
  booktitle={Proceedings of the European conference on computer vision (ECCV)},
  pages={3--19},
  year={2018}
}


@article{dosovitskiy2020image,
  title={An image is worth 16x16 words: Transformers for image recognition at scale},
  author={Dosovitskiy, Alexey and Beyer, Lucas and Kolesnikov, Alexander and Weissenborn, Dirk and Zhai, Xiaohua and Unterthiner, Thomas and Dehghani, Mostafa and Minderer, Matthias and Heigold, Georg and Gelly, Sylvain and others},
  journal={arXiv preprint arXiv:2010.11929},
  year={2020}
}


@inproceedings{hu2018squeeze,
  title={Squeeze-and-excitation networks},
  author={Hu, Jie and Shen, Li and Sun, Gang},
  booktitle={Proceedings of the IEEE conference on computer vision and pattern recognition},
  pages={7132--7141},
  year={2018}
}

@inproceedings{he2016deep,
  title={Deep residual learning for image recognition},
  author={He, Kaiming and Zhang, Xiangyu and Ren, Shaoqing and Sun, Jian},
  booktitle={Proceedings of the IEEE conference on computer vision and pattern recognition},
  pages={770--778},
  year={2016}
}

@article{qi2017pointnet++,
  title={Pointnet++: Deep hierarchical feature learning on point sets in a metric space},
  author={Qi, Charles Ruizhongtai and Yi, Li and Su, Hao and Guibas, Leonidas J},
  journal={Advances in neural information processing systems},
  volume={30},
  year={2017}
}

@inproceedings{zhao2021point,
  title={Point transformer},
  author={Zhao, Hengshuang and Jiang, Li and Jia, Jiaya and Torr, Philip HS and Koltun, Vladlen},
  booktitle={Proceedings of the IEEE/CVF international conference on computer vision},
  pages={16259--16268},
  year={2021}
}

@article{vaswani2017attention,
  title={Attention is all you need},
  author={Vaswani, Ashish and Shazeer, Noam and Parmar, Niki and Uszkoreit, Jakob and Jones, Llion and Gomez, Aidan N and Kaiser, Lukasz and Polosukhin, Illia},
  journal={Advances in neural information processing systems},
  volume={30},
  year={2017}
}

@inproceedings{gou2021rgb,
  title={Rgb matters: Learning 7-dof grasp poses on monocular rgbd images},
  author={Gou, Minghao and Fang, Hao-Shu and Zhu, Zhanda and Xu, Sheng and Wang, Chenxi and Lu, Cewu},
  booktitle={2021 IEEE International Conference on Robotics and Automation (ICRA)},
  pages={13459--13466},
  year={2021},
  organization={IEEE}
}

@article{sundermeyer2021contact,
  title={Contact-GraspNet: Efficient 6-DoF Grasp Generation in Cluttered Scenes},
  author={Sundermeyer, Martin and Mousavian, Arsalan and Triebel, Rudolph and Fox, Dieter},
  booktitle={2021 IEEE International Conference on Robotics and Automation (ICRA)},
  year={2021}
}

